% Bibliography

% This file was created with Citavi 5.7.1.0

@misc{.,
 title = {Mask R-CNN},
 url = {\url{https://github.com/matterport/Mask_RCNN}},
 urldate = {18.01.2018}
}


@article{Albers.2016,
 author = {Albers, Bastian and Kada, Martin and Wichmann, Andreas},
 year = {2016},
 title = {AUTOMATIC EXTRACTION AND REGULARIZATION OF BUILDING OUTLINES FROM AIRBORNE LIDAR POINT CLOUDS},
 pages = {555--560},
 volume = {XLI-B3},
 issn = {2194-9034},
 journal = {ISPRS - International Archives of the Photogrammetry, Remote Sensing and Spatial Information Sciences},
 doi = {\url{10.5194/isprs-archives-XLI-B3-555-2016}}
}


@proceedings{Banissi.2003,
 year = {2003},
 title = {2003 international conference on geometric modeling and graphics: GMAG 2003},
 publisher = {{IEEE Comput. Soc}},
 isbn = {0-7695-1985-7},
 editor = {Banissi, Ebad. ed and Sarfraz, Muhammad}
}


@article{DOUGLAS.1973,
 author = {DOUGLAS, DAVID H. and PEUCKER, THOMAS K.},
 year = {1973},
 title = {ALGORITHMS FOR THE REDUCTION OF THE NUMBER OF POINTS REQUIRED TO REPRESENT A DIGITIZED LINE OR ITS CARICATURE},
 pages = {112--122},
 volume = {10},
 number = {2},
 issn = {0317-7173},
 journal = {Cartographica: The International Journal for Geographic Information and Geovisualization},
 doi = {\url{10.3138/FM57-6770-U75U-7727}}
}


@article{Everingham.2010,
 author = {Everingham, Mark and {van Gool}, Luc and Williams, Christopher K. I. and Winn, John and Zisserman, Andrew},
 year = {2010},
 title = {The Pascal Visual Object Classes (VOC) Challenge},
 pages = {303--338},
 volume = {88},
 number = {2},
 issn = {0920-5691},
 journal = {International Journal of Computer Vision},
 doi = {\url{10.1007/s11263-009-0275-4}}
}


@misc{Goyal.20170608,
 author = {Goyal, Priya and Doll{\'a}r, Piotr and Girshick, Ross and Noordhuis, Pieter and Wesolowski, Lukasz and Kyrola, Aapo and Tulloch, Andrew and Jia, Yangqing and He, Kaiming},
 year = {2017},
 title = {Accurate, Large Minibatch SGD: Training ImageNet in 1 Hour},
 url = {\url{http://arxiv.org/pdf/1706.02677}}
}


@misc{He.20150423,
 author = {He, Kaiming and Zhang, Xiangyu and Ren, Shaoqing and Sun, Jian},
 year = {2014},
 title = {Spatial Pyramid Pooling in Deep Convolutional Networks for Visual Recognition},
 url = {\url{http://arxiv.org/pdf/1406.4729}},
 doi = {\url{10.1007/978-3-319-10578-9{\textunderscore }23}}
}


@misc{He.20151210,
 author = {He, Kaiming and Zhang, Xiangyu and Ren, Shaoqing and Sun, Jian},
 year = {2015},
 title = {Deep Residual Learning for Image Recognition},
 url = {\url{http://arxiv.org/pdf/1512.03385}}
}


@misc{He.20170405,
 author = {He, Kaiming and Gkioxari, Georgia and Doll{\'a}r, Piotr and Girshick, Ross},
 year = {2017},
 title = {Mask R-CNN},
 url = {\url{http://arxiv.org/pdf/1703.06870}}
}


@article{Lee.2011,
 author = {Lee, Jeongho and Han, Soohee and Byun, Younggi and Kim, Yongil},
 year = {2011},
 title = {Extraction and Regularization of Various Building Boundaries with Complex Shapes Utilizing Distribution Characteristics of Airborne LIDAR Points},
 url = {\url{http://onlinelibrary.wiley.com/doi/10.4218/etrij.11.1610.0022/pdf}},
 keywords = {boundary regularization;Building boundary;building extraction;LIDAR},
 pages = {547--557},
 volume = {33},
 number = {4},
 issn = {2233-7326},
 journal = {ETRI Journal},
 doi = {\url{10.4218/etrij.11.1610.0022}}
}


@misc{Lin.20150221,
 author = {Lin, Tsung-Yi and Maire, Michael and Belongie, Serge and Bourdev, Lubomir and Girshick, Ross and Hays, James and Perona, Pietro and Ramanan, Deva and Zitnick, C. Lawrence and Doll{\'a}r, Piotr},
 year = {2014},
 title = {Microsoft COCO: Common Objects in Context},
 url = {\url{http://arxiv.org/pdf/1405.0312}}
}


@misc{Lin.20170419,
 author = {Lin, Tsung-Yi and Doll{\'a}r, Piotr and Girshick, Ross and He, Kaiming and Hariharan, Bharath and Belongie, Serge},
 year = {2016},
 title = {Feature Pyramid Networks for Object Detection},
 url = {\url{http://arxiv.org/pdf/1612.03144}}
}


@inproceedings{Maple.2003,
 author = {Maple, C.},
 title = {Geometric design and space planning using the marching squares and marching cube algorithms},
 pages = {90--95},
 publisher = {{IEEE Comput. Soc}},
 isbn = {0-7695-1985-7},
 editor = {Banissi, Ebad. ed and Sarfraz, Muhammad},
 booktitle = {2003 international conference on geometric modeling and graphics},
 year = {2003},
 doi = {\url{10.1109/GMAG.2003.1219671}}
}


@article{Partovi.2017,
 author = {Partovi, Tahmineh and Bahmanyar, Reza and Kraus, Thomas and Reinartz, Peter},
 year = {2017},
 title = {Building Outline Extraction Using a Heuristic Approach Based on Generalization of Line Segments},
 pages = {933--947},
 volume = {10},
 number = {3},
 issn = {1939-1404},
 journal = {IEEE Journal of Selected Topics in Applied Earth Observations and Remote Sensing},
 doi = {\url{10.1109/JSTARS.2016.2611861}}
}


@misc{Redmon.20160509,
 author = {Redmon, Joseph and Divvala, Santosh and Girshick, Ross and Farhadi, Ali},
 year = {2015},
 title = {You Only Look Once: Unified, Real-Time Object Detection},
 url = {\url{http://arxiv.org/pdf/1506.02640}}
}


@misc{Ronneberger.20150518,
 author = {Ronneberger, Olaf and Fischer, Philipp and Brox, Thomas},
 year = {2015},
 title = {U-Net: Convolutional Networks for Biomedical Image Segmentation},
 url = {\url{http://arxiv.org/pdf/1505.04597}}
}


@misc{Shelhamer.20160520,
 author = {Shelhamer, Evan and Long, Jonathan and Darrell, Trevor},
 year = {2016},
 title = {Fully Convolutional Networks for Semantic Segmentation},
 url = {\url{http://arxiv.org/pdf/1605.06211}}
}


@article{Song.2016,
 author = {Song, Jia and Miao, Ru},
 year = {2016},
 title = {A Novel Evaluation Approach for Line Simplification Algorithms towards Vector Map Visualization},
 pages = {223},
 volume = {5},
 number = {12},
 issn = {2220-9964},
 journal = {ISPRS International Journal of Geo-Information},
 doi = {\url{10.3390/ijgi5120223}}
}


@phdthesis{VolodymyrMnih.2013,
 author = {{Volodymyr Mnih}},
 year = {2013},
 title = {Machine Learning for Aerial Image Labeling},
 url = {\url{https://www.cs.toronto.edu/~vmnih/data/}},
 urldate = {06.01.2018},
 type = {Dissertation}
}


@article{Zhang.2006,
 author = {Zhang, K. and Yan, J. and Chen, S.-C.},
 year = {2006},
 title = {Automatic Construction of Building Footprints From Airborne LIDAR Data},
 pages = {2523--2533},
 volume = {44},
 number = {9},
 issn = {0196-2892},
 journal = {IEEE Transactions on Geoscience and Remote Sensing},
 doi = {\url{10.1109/TGRS.2006.874137}}
}


